\newpage

%this thesis

@Article{Krekhov:12:MSc,
    author  = {Andrey Krekhov},
    title   = {MorphableUI: A Framework for the Semi-Automatic Generation of Personalized User Environments},
    year    = {2012},
    journal = {Master's Thesis, Saarland University},
}

@inproceedings{Hoppe:1996:PM,
 author = {Hoppe, Hugues},
 title = {Progressive meshes},
 booktitle = {Proceedings of the 23rd annual conference on Computer graphics and interactive techniques},
 series = {SIGGRAPH '96},
 year = {1996},
 isbn = {0-89791-746-4},
 pages = {99--108},
 numpages = {10},
 url = {http://doi.acm.org/10.1145/237170.237216},
 doi = {10.1145/237170.237216},
 acmid = {237216},
 publisher = {ACM},
 address = {New York, NY, USA},
 keywords = {geometry compression, level of detail, mesh simplification, progressive transmission, shape interpolation},
} 

@inproceedings{Hoppe:1997:VRP,
 author = {Hoppe, Hugues},
 title = {View-dependent refinement of progressive meshes},
 booktitle = {Proceedings of the 24th annual conference on Computer graphics and interactive techniques},
 series = {SIGGRAPH '97},
 year = {1997},
 isbn = {0-89791-896-7},
 pages = {189--198},
 numpages = {10},
 url = {http://dx.doi.org/10.1145/258734.258843},
 doi = {10.1145/258734.258843},
 acmid = {258843},
 publisher = {ACM Press/Addison-Wesley Publishing Co.},
 address = {New York, NY, USA},
 keywords = {dynamic tessellation, level-of-detail, mesh simplification, multiresolution representations, shape interpolation},
} 

@Article{Kim:2001:trulyselective,
author = {J Kim and S Lee},
title = {Truly selective refinement of progressive meshes},
journal = {Graphics Interface},
year = {2001},
}

@ARTICLE{Kim:2003:TransitiveMeshSpace, 
author={Junho Kim and Seungyong Lee}, 
journal={Visualization and Computer Graphics, IEEE Transactions on}, title={Transitive mesh space of a progressive mesh}, 
year={2003}, 
month={oct.-dec.}, 
volume={9}, 
number={4}, 
pages={ 463 - 480}, 
keywords={Adaptive control;Computer Society;Data mining;Graphics;Mesh generation;Programmable control;Runtime;Solid modeling;Space technology;Visualization; computer graphics; mesh generation; topology; progressive mesh; selective edge collapse; selective refinement scheme; selective refinement schemes; selectively refined meshes; transitive mesh space; vertex hierarchy; vertex split transformations;}, 
doi={10.1109/TVCG.2003.1260742}, 
ISSN={1077-2626},}

@INPROCEEDINGS{Kim:04:VDstreaming,
    author = {Junho Kim and Seungyong Lee Leif Kobbelt},
    title = {View-dependent streaming of progressive meshes},
    booktitle = {in Proc. SMIÕ04, 2004},
    year = {2004},
    pages = {209--220},
    publisher = {Society Press},
}

@ARTICLE{Yang:2004:VDMeshTrans, 
author={Sheng Yang and Chang-Su Kim and Kuo, C.-C.J.}, 
journal={Circuits and Systems for Video Technology, IEEE Transactions on}, title={A progressive view-dependent technique for interactive 3-D mesh transmission}, 
year={2004}, 
month={nov.}, 
volume={14}, 
number={11}, 
pages={ 1249 - 1264}, 
keywords={Bandwidth;Bit rate;Communication channels;Compression algorithms;Geometry;Graphics;Information retrieval;Partitioning algorithms;Topology;Virtual reality; bandwidth allocation; computer graphics; image coding; image resolution; interactive systems; bandwidth allocation; graphics streaming scheme; image coding; interactive 3D mesh transmission; mesh partitioning; mesh simplification; progressive mesh coding; progressive view-dependent technique; resolution setting;Graphics streaming;mesh partitioning;mesh simplification;progressive mesh coding;view-dependent;}, 
doi={10.1109/TCSVT.2004.835153}, 
ISSN={1051-8215},}

@Article{Deb:2004:DesignStreamSys,
    author = {Soumyajit Deb and P. J. Narayanan},
    title = {Design of a Geometry Streaming System},
    year = {2004},
}

@article{Callahan:2006:PVR,
 author = {Callahan, Steven P. and Bavoil, Louis and Pascucci, Valerio and Silva, Claudio T.},
 title = {Progressive Volume Rendering of Large Unstructured Grids},
 journal = {IEEE Transactions on Visualization and Computer Graphics},
 issue_date = {September 2006},
 volume = {12},
 number = {5},
 month = sep,
 year = {2006},
 issn = {1077-2626},
 pages = {1307--1314},
 numpages = {8},
 url = {http://dx.doi.org/10.1109/TVCG.2006.171},
 doi = {10.1109/TVCG.2006.171},
 acmid = {1187782},
 publisher = {IEEE Educational Activities Department},
 address = {Piscataway, NJ, USA},
 keywords = {Client-Server, Large Unstructured Grids, Level-of-Detail, Progressive Rendering, Volume Rendering, Volume Rendering, Large Unstructured Grids, Client-Server, Progressive Rendering, Level-of-Detail},
} 

@inproceedings{Pacanowski:2008:ESS,
 author = {Pacanowski, Romain and Raynaud, Micka\"{e}l and Granier, Xavier and Reuter, Patrick and Schlick, Christophe and Poulin, Pierre},
 title = {Efficient streaming of 3D scenes with complex geometry and complex lighting},
 booktitle = {Proceedings of the 13th international symposium on 3D web technology},
 series = {Web3D '08},
 year = {2008},
 isbn = {978-1-60558-213-9},
 location = {Los Angeles, California},
 pages = {11--17},
 numpages = {7},
 url = {http://doi.acm.org/10.1145/1394209.1394214},
 doi = {10.1145/1394209.1394214},
 acmid = {1394214},
 publisher = {ACM},
 address = {New York, NY, USA},
 keywords = {3D streaming, global illumination},
} 

@inproceedings{Cheng:2007:AMP,
 author = {Cheng, Wei and Ooi, Wei Tsang and Mondet, Sebastien and Grigoras, Romulus and Morin, G{\'e}raldine},
 title = {An analytical model for progressive mesh streaming},
 booktitle = {Proceedings of the 15th international conference on Multimedia},
 series = {MULTIMEDIA '07},
 year = {2007},
 isbn = {978-1-59593-702-5},
 location = {Augsburg, Germany},
 pages = {737--746},
 numpages = {10},
 url = {http://doi.acm.org/10.1145/1291233.1291399},
 doi = {10.1145/1291233.1291399},
 acmid = {1291399},
 publisher = {ACM},
 address = {New York, NY, USA},
 keywords = {3D data, packetization, progressive meshes, streaming},
} 

@INPROCEEDINGS{Bajaj:1999:PCTriMesh,
    author = {Chandrajit L Bajaj and Valerio Pascucci and Guozhong Zhuang},
    title = {Progressive Compression and Transmission of Arbitrary Triangular Meshes},
    booktitle = {IEEE Visualization},
    year = {1999},
    pages = {307--316},
    publisher = {IEEE Computer Society Press}
}

@inproceedings{Khodakovsky:2000:PGC,
 author = {Khodakovsky, Andrei and Schr\"{o}der, Peter and Sweldens, Wim},
 title = {Progressive geometry compression},
 booktitle = {Proceedings of the 27th annual conference on Computer graphics and interactive techniques},
 series = {SIGGRAPH '00},
 year = {2000},
 isbn = {1-58113-208-5},
 pages = {271--278},
 numpages = {8},
 url = {http://dx.doi.org/10.1145/344779.344922},
 doi = {10.1145/344779.344922},
 acmid = {344922},
 publisher = {ACM Press/Addison-Wesley Publishing Co.},
 address = {New York, NY, USA},
 keywords = {compression algorithms, hierarchical representations, semi-regular meshes, signal processing, subdivision surfaces, wavelets, zerotree coding},
} 

@Article{Deb:2006:RSRT,
    author = {Soumyajit Deb and Shiben Bhattacharjee and Suryakant Patidar and P. J. Narayanan},
    title = {Real-time Streaming and Rendering of Terrains},
    year = {2006},
}

@MISC{Hoppe:1998:EIPM,
    author = {Hugues Hoppe and Redmond Wa},
    title = {Efficient Implementation of Progressive Meshes},
    year = {1998}
}

